
@article{MoViNets,
  author    = {Dan Kondratyuk and
               Liangzhe Yuan and
               Yandong Li and
               Li Zhang and
               Mingxing Tan and
               Matthew Brown and
               Boqing Gong},
  title     = {MoViNets: Mobile Video Networks for Efficient Video Recognition},
  journal   = {CoRR},
  volume    = {abs/2103.11511},
  year      = {2021},
  url       = {https://arxiv.org/abs/2103.11511},
  eprinttype = {arXiv},
  eprint    = {2103.11511},
  timestamp = {Wed, 24 Mar 2021 15:50:40 +0100},
  biburl    = {https://dblp.org/rec/journals/corr/abs-2103-11511.bib},
  bibsource = {dblp computer science bibliography, https://dblp.org}
}



@article{I3D,
  author    = {Jo{\~{a}}o Carreira and
               Andrew Zisserman},
  title     = {Quo Vadis, Action Recognition? {A} New Model and the Kinetics Dataset},
  journal   = {CoRR},
  volume    = {abs/1705.07750},
  year      = {2017},
  url       = {http://arxiv.org/abs/1705.07750},
  eprinttype = {arXiv},
  eprint    = {1705.07750},
  timestamp = {Mon, 13 Aug 2018 16:47:23 +0200},
  biburl    = {https://dblp.org/rec/journals/corr/CarreiraZ17.bib},
  bibsource = {dblp computer science bibliography, https://dblp.org}
}



@article{X3D,
  author    = {Christoph Feichtenhofer},
  title     = {{X3D:} Expanding Architectures for Efficient Video Recognition},
  journal   = {CoRR},
  volume    = {abs/2004.04730},
  year      = {2020},
  url       = {https://arxiv.org/abs/2004.04730},
  eprinttype = {arXiv},
  eprint    = {2004.04730},
  timestamp = {Tue, 14 Apr 2020 16:40:34 +0200},
  biburl    = {https://dblp.org/rec/journals/corr/abs-2004-04730.bib},
  bibsource = {dblp computer science bibliography, https://dblp.org}
}



@article{UCF101,
  author    = {Khurram Soomro and
               Amir Roshan Zamir and
               Mubarak Shah},
  title     = {{UCF101:} {A} Dataset of 101 Human Actions Classes From Videos in
               The Wild},
  journal   = {CoRR},
  volume    = {abs/1212.0402},
  year      = {2012},
  url       = {http://arxiv.org/abs/1212.0402},
  eprinttype = {arXiv},
  eprint    = {1212.0402},
  timestamp = {Mon, 13 Aug 2018 16:47:45 +0200},
  biburl    = {https://dblp.org/rec/journals/corr/abs-1212-0402.bib},
  bibsource = {dblp computer science bibliography, https://dblp.org}
}



@article{Kinetics400,
  author    = {Will Kay and
               Jo{\~{a}}o Carreira and
               Karen Simonyan and
               Brian Zhang and
               Chloe Hillier and
               Sudheendra Vijayanarasimhan and
               Fabio Viola and
               Tim Green and
               Trevor Back and
               Paul Natsev and
               Mustafa Suleyman and
               Andrew Zisserman},
  title     = {The Kinetics Human Action Video Dataset},
  journal   = {CoRR},
  volume    = {abs/1705.06950},
  year      = {2017},
  url       = {http://arxiv.org/abs/1705.06950},
  eprinttype = {arXiv},
  eprint    = {1705.06950},
  timestamp = {Thu, 14 Oct 2021 09:15:04 +0200},
  biburl    = {https://dblp.org/rec/journals/corr/KayCSZHVVGBNSZ17.bib},
  bibsource = {dblp computer science bibliography, https://dblp.org}
}



@article{Kinetics600,
  author    = {Jo{\~{a}}o Carreira and
               Eric Noland and
               Andras Banki{-}Horvath and
               Chloe Hillier and
               Andrew Zisserman},
  title     = {A Short Note about Kinetics-600},
  journal   = {CoRR},
  volume    = {abs/1808.01340},
  year      = {2018},
  url       = {http://arxiv.org/abs/1808.01340},
  eprinttype = {arXiv},
  eprint    = {1808.01340},
  timestamp = {Sun, 02 Sep 2018 15:01:55 +0200},
  biburl    = {https://dblp.org/rec/journals/corr/abs-1808-01340.bib},
  bibsource = {dblp computer science bibliography, https://dblp.org}
}



@article{Merlot,
  author    = {Rowan Zellers and
               Jiasen Lu and
               Ximing Lu and
               Youngjae Yu and
               Yanpeng Zhao and
               Mohammadreza Salehi and
               Aditya Kusupati and
               Jack Hessel and
               Ali Farhadi and
               Yejin Choi},
  title     = {{MERLOT} Reserve: Neural Script Knowledge through Vision and Language
               and Sound},
  journal   = {CoRR},
  volume    = {abs/2201.02639},
  year      = {2022},
  url       = {https://arxiv.org/abs/2201.02639},
  eprinttype = {arXiv},
  eprint    = {2201.02639},
  timestamp = {Thu, 20 Jan 2022 14:21:35 +0100},
  biburl    = {https://dblp.org/rec/journals/corr/abs-2201-02639.bib},
  bibsource = {dblp computer science bibliography, https://dblp.org}
}




