
@article{MoViNets,
  author    = {Dan Kondratyuk and
               Liangzhe Yuan and
               Yandong Li and
               Li Zhang and
               Mingxing Tan and
               Matthew Brown and
               Boqing Gong},
  title     = {MoViNets: Mobile Video Networks for Efficient Video Recognition},
  journal   = {CoRR},
  volume    = {abs/2103.11511},
  year      = {2021},
  url       = {https://arxiv.org/abs/2103.11511},
  eprinttype = {arXiv},
  eprint    = {2103.11511},
  timestamp = {Wed, 24 Mar 2021 15:50:40 +0100},
  biburl    = {https://dblp.org/rec/journals/corr/abs-2103-11511.bib},
  bibsource = {dblp computer science bibliography, https://dblp.org}
}

